@article{golden2001flexible,
  title={Flexible work schedules: What are we trading off to get them},
  author={Golden, Lonnie},
  journal={Monthly Lab. Rev.},
  volume={124},
  pages={50},
  year={2001},
  publisher={HeinOnline}
}

@book{smith1999wealth,
  title={Wealth of nations},
  author={Smith, A.},
  year={1999},
  publisher={Wiley Online Library}
}

@article{skuterud2007identifying,
  title={Identifying the Potential of Work-Sharing as a Job-Creation Strategy},
  author={Skuterud, Mikal},
  journal={Journal of Labor Economics},
  volume={25},
  number={2},
  pages={265--287},
  year={2007},
  publisher={JSTOR}
}

@article{hamermesh2000demand,
  title={The demand for hours of labor: Direct evidence from California},
  author={Hamermesh, Daniel S and Trejo, Stephen J},
  journal={Review of Economics and Statistics},
  volume={82},
  number={1},
  pages={38--47},
  year={2000},
  publisher={MIT Press}
}

@article{crepon2002employed,
  title={Employed 40 hours or not employed 39: Lessons from the 1982 mandatory reduction of the workweek},
  author={Cr{\'e}pon, Bruno and Kramarz, Francis},
  journal={Journal of Political Economy},
  volume={110},
  number={6},
  pages={1355--1389},
  year={2002},
  publisher={JSTOR}
}

@article{trejo1991effects,
  title={The effects of overtime pay regulation on worker compensation},
  author={Trejo, Stephen J},
  journal={The American Economic Review},
  pages={719--740},
  year={1991},
  publisher={JSTOR}
}
